<?xml version="1.0" encoding="UTF-8"?><collection xmlns="http://www.loc.gov/MARC21/slim"><record><leader>00342nam--2200133-i-4500</leader><controlfield tag="001">000041720</controlfield><controlfield tag="002">20161230</controlfield><controlfield tag="005">20161230201043</controlfield><controlfield tag="008">060222s1000------------r-----000-0-eng-d</controlfield><datafield ind1=" " ind2=" " tag="080"><subfield code="a">681.5.011</subfield></datafield><datafield ind1=" " ind2=" " tag="100"><subfield code="a">Singh,Madan G</subfield></datafield><datafield ind1=" " ind2=" " tag="245"><subfield code="a">Dynamical hierachcal control</subfield></datafield><datafield ind1=" " ind2=" " tag="260"><subfield code="a">Amsterdam, North-holland Publ.Comp.,1977. Xvi + 257 P</subfield></datafield><datafield ind1=" " ind2=" " tag="852"><subfield code="a">47118</subfield></datafield></record></collection>